<record><leader>00000cas a22000007a 4500</leader><controlfield tag="001">7982080</controlfield><controlfield tag="007">hd afu---buca</controlfield><controlfield tag="008">811208d19781979ohuer n a     0   a0eng d</controlfield><datafield ind1=" " ind2=" " tag="010"><subfield code="a">sn 90039843 </subfield></datafield><datafield ind1=" " ind2=" " tag="040"><subfield code="a">HUC</subfield><subfield code="b">eng</subfield><subfield code="c">HUC</subfield><subfield code="d">HUL</subfield><subfield code="d">OCL</subfield><subfield code="d">OCLCQ</subfield><subfield code="d">OCLCF</subfield><subfield code="d">OCLCO</subfield><subfield code="d">OCLCQ</subfield></datafield><datafield ind1=" " ind2=" " tag="012"><subfield code="i">9012</subfield></datafield><datafield ind1=" " ind2=" " tag="042"><subfield code="a">msc</subfield></datafield><datafield ind1=" " ind2=" " tag="043"><subfield code="a">n-us-ny</subfield></datafield><datafield ind1="0" ind2=" " tag="130"><subfield code="a">Jewish world of Long Island (Commack, N.Y.)</subfield></datafield><datafield ind1="1" ind2="4" tag="245"><subfield code="a">The Jewish world of Long Island.</subfield></datafield><datafield ind1="1" ind2="3" tag="246"><subfield code="a">Jewish world</subfield></datafield><datafield ind1="1" ind2="7" tag="246"><subfield code="a">Jewish world of L.I. &amp; Queens</subfield></datafield><datafield ind1=" " ind2=" " tag="260"><subfield code="a">Commack, N.Y. :</subfield><subfield code="b">Israel Rubin,</subfield><subfield code="c">1978-1979.</subfield></datafield><datafield ind1=" " ind2=" " tag="300"><subfield code="a">2 volumes :</subfield><subfield code="b">illustrations ;</subfield><subfield code="c">41 cm</subfield></datafield><datafield ind1=" " ind2=" " tag="310"><subfield code="a">Biweekly,</subfield><subfield code="b">May 5, 1978-Apr. 6, 1979</subfield></datafield><datafield ind1=" " ind2=" " tag="321"><subfield code="a">Biweekly (except July and Aug.),</subfield><subfield code="b">Jan. 13-May 5, 1978</subfield></datafield><datafield ind1=" " ind2=" " tag="336"><subfield code="a">text</subfield><subfield code="b">txt</subfield><subfield code="2">rdacontent</subfield></datafield><datafield ind1=" " ind2=" " tag="337"><subfield code="a">microform</subfield><subfield code="b">h</subfield><subfield code="2">rdamedia</subfield></datafield><datafield ind1=" " ind2=" " tag="338"><subfield code="a">microfilm reel</subfield><subfield code="b">hd</subfield><subfield code="2">rdacarrier</subfield></datafield><datafield ind1="0" ind2=" " tag="362"><subfield code="a">Vol. 7, no. 4 (Jan. 13-26, 1978)-v. 8, no. 8 (Apr. 6, 1979).</subfield></datafield><datafield ind1=" " ind2=" " tag="500"><subfield code="a">Vol. 7, no. 17 (Sept. 22/Oct. 5, 1978) called: Jewish world.</subfield></datafield><datafield ind1=" " ind2=" " tag="515"><subfield code="a">Numbering irregular.</subfield></datafield><datafield ind1=" " ind2=" " tag="550"><subfield code="a">Published: Smithtown, N.Y. : Jewish World Pub. Co., Mar. 10/23, 1978-May 5/19, 1978 ; Brooklyn, N.Y., May 19/June 2, 1978-Apr. 6, 1979.</subfield></datafield><datafield ind1=" " ind2=" " tag="533"><subfield code="a">Microfilm.</subfield><subfield code="b">Cincinnati :</subfield><subfield code="c">American Jewish Periodicals Center,</subfield><subfield code="d">1982,</subfield><subfield code="e">1 microfilm reel ; 35 mm.</subfield></datafield><datafield ind1=" " ind2="0" tag="650"><subfield code="a">Jews</subfield><subfield code="z">New York (State)</subfield><subfield code="z">Long Island</subfield><subfield code="v">Periodicals.</subfield></datafield><datafield ind1=" " ind2="0" tag="650"><subfield code="a">Jews</subfield><subfield code="z">New York (State)</subfield><subfield code="z">New York</subfield><subfield code="v">Periodicals.</subfield></datafield><datafield ind1=" " ind2="7" tag="650"><subfield code="a">Jews.</subfield><subfield code="2">fast</subfield><subfield code="0">(OCoLC)fst00983135</subfield></datafield><datafield ind1=" " ind2="7" tag="651"><subfield code="a">New York (State)</subfield><subfield code="z">Long Island.</subfield><subfield code="2">fast</subfield><subfield code="0">(OCoLC)fst01241714</subfield></datafield><datafield ind1=" " ind2="7" tag="651"><subfield code="a">New York (State)</subfield><subfield code="z">New York.</subfield><subfield code="2">fast</subfield><subfield code="0">(OCoLC)fst01204333</subfield></datafield><datafield ind1=" " ind2="7" tag="655"><subfield code="a">Periodicals.</subfield><subfield code="2">fast</subfield><subfield code="0">(OCoLC)fst01411641</subfield></datafield><datafield ind1=" " ind2=" " tag="752"><subfield code="a">United States</subfield><subfield code="b">New York</subfield><subfield code="d">New York.</subfield></datafield><datafield ind1="0" ind2="0" tag="780"><subfield code="t">Jewish world of Long Island &amp; Queens</subfield><subfield code="w">(DLC)sn 90039845</subfield><subfield code="w">(OCoLC)7972284</subfield></datafield><datafield ind1="0" ind2="0" tag="785"><subfield code="t">Long Island Jewish world</subfield><subfield code="w">(DLC)sn 90039844</subfield><subfield code="w">(OCoLC)22758586</subfield></datafield><datafield ind1=" " ind2=" " tag="850"><subfield code="a">MH</subfield></datafield></record>